@article{DBLP:journals/corr/ConneauKSBB17,
  author    = {Alexis Conneau and
               Douwe Kiela and
               Holger Schwenk and
               Lo{\"{\i}}c Barrault and
               Antoine Bordes},
  title     = {Supervised Learning of Universal Sentence Representations from Natural
               Language Inference Data},
  journal   = {CoRR},
  volume    = {abs/1705.02364},
  year      = {2017},
  url       = {http://arxiv.org/abs/1705.02364},
  archivePrefix = {arXiv},
  eprint    = {1705.02364},
  timestamp = {Wed, 07 Jun 2017 14:43:10 +0200},
  biburl    = {http://dblp.org/rec/bib/journals/corr/ConneauKSBB17},
  bibsource = {dblp computer science bibliography, http://dblp.org}
}

@inproceedings{pennington2014glove,
  author = {Jeffrey Pennington and Richard Socher and Christopher D. Manning},
  booktitle = {Empirical Methods in Natural Language Processing (EMNLP)},
  title = {GloVe: Global Vectors for Word Representation},
  year = {2014},
  pages = {1532--1543},
  url = {http://www.aclweb.org/anthology/D14-1162},
}