@article{BlackH12,
  author = {Black, Elizabeth and Hunter, Anthony},
  year = {2012},
  month = {02},
  pages = {55-78},
  title = {A Relevance-theoretic Framework for Constructing and Deconstructing Enthymemes},
  volume = {22},
  journal = {J. Log. Comput.},
  doi = {10.1093/logcom/exp064}
}

@inproceedings{BotschenSG18,
  title={Frame- and Entity-Based Knowledge for Common-Sense Argumentative Reasoning},
  author={Teresa Botschen and Daniil Sorokin and Iryna Gurevych},
  booktitle={ArgMining@EMNLP},
  year={2018}
}

@article{BowmanAPM15,
  author    = {Samuel R. Bowman and
               Gabor Angeli and
               Christopher Potts and
               Christopher D. Manning},
  title     = {A large annotated corpus for learning natural language inference},
  journal   = {CoRR},
  volume    = {abs/1508.05326},
  year      = {2015},
  url       = {http://arxiv.org/abs/1508.05326},
  archivePrefix = {arXiv},
  eprint    = {1508.05326},
  timestamp = {Wed, 07 Jun 2017 14:42:55 +0200},
  biburl    = {http://dblp.org/rec/bib/journals/corr/BowmanAPM15},
  bibsource = {dblp computer science bibliography, http://dblp.org}
}

@article{ChenZLWJ16,
  author    = {Qian Chen and
               Xiaodan Zhu and
               Zhen{-}Hua Ling and
               Si Wei and
               Hui Jiang},
  title     = {Enhancing and Combining Sequential and Tree {LSTM} for Natural Language
               Inference},
  journal   = {CoRR},
  volume    = {abs/1609.06038},
  year      = {2016},
  url       = {http://arxiv.org/abs/1609.06038},
  archivePrefix = {arXiv},
  eprint    = {1609.06038},
  timestamp = {Mon, 13 Aug 2018 16:48:17 +0200},
  biburl    = {https://dblp.org/rec/bib/journals/corr/ChenZLWJ16},
  bibsource = {dblp computer science bibliography, https://dblp.org}
}

@InProceedings{ChoiL18,
  author = 	"Choi, HongSeok
		and Lee, Hyunju",
  title = 	"GIST at SemEval-2018 Task 12: A network transferring inference knowledge      to Argument Reasoning Comprehension task    ",
  booktitle = 	"Proceedings of The 12th International Workshop on Semantic Evaluation",
  year = 	"2018",
  publisher = 	"Association for Computational Linguistics",
  pages = 	"773--777",
  location = 	"New Orleans, Louisiana",
  doi = 	"10.18653/v1/S18-1122",
  url = 	"http://aclweb.org/anthology/S18-1122"
}

@article{ConneauKSBB17,
  author    = {Alexis Conneau and
               Douwe Kiela and
               Holger Schwenk and
               Lo{\"{\i}}c Barrault and
               Antoine Bordes},
  title     = {Supervised Learning of Universal Sentence Representations from Natural
               Language Inference Data},
  journal   = {CoRR},
  volume    = {abs/1705.02364},
  year      = {2017},
  url       = {http://arxiv.org/abs/1705.02364},
  archivePrefix = {arXiv},
  eprint    = {1705.02364},
  timestamp = {Mon, 13 Aug 2018 16:48:46 +0200},
  biburl    = {https://dblp.org/rec/bib/journals/corr/ConneauKSBB17},
  bibsource = {dblp computer science bibliography, https://dblp.org}
}

@article{DevlinMKK18,
  author    = {Jacob Devlin and
               Ming{-}Wei Chang and
               Kenton Lee and
               Kristina Toutanova},
  title     = {{BERT:} Pre-training of Deep Bidirectional Transformers for Language
               Understanding},
  journal   = {CoRR},
  volume    = {abs/1810.04805},
  year      = {2018},
  url       = {http://arxiv.org/abs/1810.04805},
  archivePrefix = {arXiv},
  eprint    = {1810.04805},
  timestamp = {Tue, 30 Oct 2018 20:39:56 +0100},
  biburl    = {https://dblp.org/rec/bib/journals/corr/abs-1810-04805},
  bibsource = {dblp computer science bibliography, https://dblp.org}
}

@article{GlocknerSG18,
  author    = {Max Glockner and
               Vered Shwartz and
               Yoav Goldberg},
  title     = {Breaking {NLI} Systems with Sentences that Require Simple Lexical
               Inferences},
  journal   = {CoRR},
  volume    = {abs/1805.02266},
  year      = {2018},
  url       = {http://arxiv.org/abs/1805.02266},
  archivePrefix = {arXiv},
  eprint    = {1805.02266},
  timestamp = {Mon, 13 Aug 2018 16:48:19 +0200},
  biburl    = {https://dblp.org/rec/bib/journals/corr/abs-1805-02266},
  bibsource = {dblp computer science bibliography, https://dblp.org}
}

@article{GururanganSLSBS18,
  author    = {Suchin Gururangan and
               Swabha Swayamdipta and
               Omer Levy and
               Roy Schwartz and
               Samuel R. Bowman and
               Noah A. Smith},
  title     = {Annotation Artifacts in Natural Language Inference Data},
  journal   = {CoRR},
  volume    = {abs/1803.02324},
  year      = {2018},
  url       = {http://arxiv.org/abs/1803.02324},
  archivePrefix = {arXiv},
  eprint    = {1803.02324},
  timestamp = {Mon, 13 Aug 2018 16:49:01 +0200},
  biburl    = {https://dblp.org/rec/bib/journals/corr/abs-1803-02324},
  bibsource = {dblp computer science bibliography, https://dblp.org}
}

@inproceedings{HabernalEG14,
  title={Argumentation Mining on the Web from Information Seeking Perspective},
  author={Ivan Habernal and Judith Eckle-Kohler and Iryna Gurevych},
  booktitle={ArgNLP},
  year={2014}
}

@inproceedings{HabernalWGS17,
    title = "The Argument Reasoning Comprehension Task: Identification and Reconstruction of Implicit Warrants",
    author = "Habernal, Ivan  and
      Wachsmuth, Henning  and
      Gurevych, Iryna  and
      Stein, Benno",
    booktitle = "Proceedings of the 2018 Conference of the North {A}merican Chapter of the Association for Computational Linguistics: Human Language Technologies, Volume 1 (Long Papers)",
    month = jun,
    year = "2018",
    address = "New Orleans, Louisiana",
    publisher = "Association for Computational Linguistics",
    url = "https://www.aclweb.org/anthology/N18-1175",
    doi = "10.18653/v1/N18-1175",
    pages = "1930--1940",
}

@InProceedings{HabernalWGS18,
  author = 	"Habernal, Ivan
		and Wachsmuth, Henning
		and Gurevych, Iryna
		and Stein, Benno",
  title = 	"SemEval-2018 Task 12: The Argument Reasoning Comprehension Task",
  booktitle = 	"Proceedings of The 12th International Workshop on Semantic Evaluation",
  year = 	"2018",
  publisher = 	"Association for Computational Linguistics",
  pages = 	"763--772",
  location = 	"New Orleans, Louisiana",
  doi = 	"10.18653/v1/S18-1121",
  url = 	"http://aclweb.org/anthology/S18-1121"
}

@article{HochreiterS97,
  title={Long short-term memory},
  author={Hochreiter, Sepp and Schmidhuber, J{\"u}rgen},
  journal={Neural computation},
  volume={9},
  number={8},
  pages={1735--1780},
  year={1997},
  publisher={MIT Press}
}

@article{JiaL17,
  author    = {Robin Jia and
               Percy Liang},
  title     = {Adversarial Examples for Evaluating Reading Comprehension Systems},
  journal   = {CoRR},
  volume    = {abs/1707.07328},
  year      = {2017},
  url       = {http://arxiv.org/abs/1707.07328},
  archivePrefix = {arXiv},
  eprint    = {1707.07328},
  timestamp = {Mon, 13 Aug 2018 16:49:04 +0200},
  biburl    = {https://dblp.org/rec/bib/journals/corr/JiaL17},
  bibsource = {dblp computer science bibliography, https://dblp.org}
}

@article{JoB17,
  author    = {Jason Jo and
               Yoshua Bengio},
  title     = {Measuring the tendency of CNNs to Learn Surface Statistical Regularities},
  journal   = {CoRR},
  volume    = {abs/1711.11561},
  year      = {2017},
  url       = {http://arxiv.org/abs/1711.11561},
  archivePrefix = {arXiv},
  eprint    = {1711.11561},
  timestamp = {Mon, 13 Aug 2018 16:48:50 +0200},
  biburl    = {https://dblp.org/rec/bib/journals/corr/abs-1711-11561},
  bibsource = {dblp computer science bibliography, https://dblp.org}
}

@article{KingmaB14,
  author    = {Diederik P. Kingma and
               Jimmy Ba},
  title     = {Adam: {A} Method for Stochastic Optimization},
  journal   = {CoRR},
  volume    = {abs/1412.6980},
  year      = {2014},
  url       = {http://arxiv.org/abs/1412.6980},
  archivePrefix = {arXiv},
  eprint    = {1412.6980},
  timestamp = {Wed, 07 Jun 2017 14:40:52 +0200},
  biburl    = {https://dblp.org/rec/bib/journals/corr/KingmaB14},
  bibsource = {dblp computer science bibliography, https://dblp.org}
}

@article{LippiT16,
 author = {Lippi, Marco and Torroni, Paolo},
 title = {Argumentation Mining: State of the Art and Emerging Trends},
 journal = {ACM Trans. Internet Technol.},
 issue_date = {April 2016},
 volume = {16},
 number = {2},
 month = mar,
 year = {2016},
 issn = {1533-5399},
 pages = {10:1--10:25},
 articleno = {10},
 numpages = {25},
 url = {http://doi.acm.org/10.1145/2850417},
 doi = {10.1145/2850417},
 acmid = {2850417},
 publisher = {ACM},
 address = {New York, NY, USA},
 keywords = {Argumentation mining, artificial intelligence, computational linguistics, knowledge representation, machine learning, social media},
} 

@article{McCoyPL19,
  author    = {R. Thomas McCoy and
               Ellie Pavlick and
               Tal Linzen},
  title     = {Right for the Wrong Reasons: Diagnosing Syntactic Heuristics in Natural
               Language Inference},
  journal   = {CoRR},
  volume    = {abs/1902.01007},
  year      = {2019},
  url       = {http://arxiv.org/abs/1902.01007},
  archivePrefix = {arXiv},
  eprint    = {1902.01007},
  timestamp = {Fri, 01 Mar 2019 17:14:14 +0100},
  biburl    = {https://dblp.org/rec/bib/journals/corr/abs-1902-01007},
  bibsource = {dblp computer science bibliography, https://dblp.org}
}

@article{MochalesM11,
 author = {Mochales, Raquel and Moens, Marie-Francine},
 title = {Argumentation Mining},
 journal = {Artif. Intell. Law},
 issue_date = {March 2011},
 volume = {19},
 number = {1},
 month = mar,
 year = {2011},
 issn = {0924-8463},
 pages = {1--22},
 numpages = {22},
 url = {http://dx.doi.org/10.1007/s10506-010-9104-x},
 doi = {10.1007/s10506-010-9104-x},
 acmid = {1991697},
 publisher = {Kluwer Academic Publishers},
 address = {Hingham, MA, USA},
 keywords = {argumentation, document structure, information extraction, text classification},
} 

@inproceedings{NivenK18,
    title = "{NLIT}rans at {S}em{E}val-2018 Task 12: Transfer of Semantic Knowledge for Argument Comprehension",
    author = "Niven, Timothy  and
      Kao, Hung-Yu",
    booktitle = "Proceedings of The 12th International Workshop on Semantic Evaluation",
    month = jun,
    year = "2018",
    address = "New Orleans, Louisiana",
    publisher = "Association for Computational Linguistics",
    url = "https://www.aclweb.org/anthology/S18-1185",
    doi = "10.18653/v1/S18-1185",
    pages = "1099--1103",
}

@inproceedings{PenningtonSM14,
  author = {Jeffrey Pennington and Richard Socher and Christopher D. Manning},
  booktitle = {Empirical Methods in Natural Language Processing (EMNLP)},
  title = {GloVe: Global Vectors for Word Representation},
  year = {2014},
  pages = {1532--1543},
  url = {http://www.aclweb.org/anthology/D14-1162},
}

@article{PoliakNHRD18,
  author    = {Adam Poliak and
               Jason Naradowsky and
               Aparajita Haldar and
               Rachel Rudinger and
               Benjamin Van Durme},
  title     = {Hypothesis Only Baselines in Natural Language Inference},
  journal   = {CoRR},
  volume    = {abs/1805.01042},
  year      = {2018},
  url       = {http://arxiv.org/abs/1805.01042},
  archivePrefix = {arXiv},
  eprint    = {1805.01042},
  timestamp = {Mon, 13 Aug 2018 16:47:37 +0200},
  biburl    = {https://dblp.org/rec/bib/journals/corr/abs-1805-01042},
  bibsource = {dblp computer science bibliography, https://dblp.org}
}

@article{RajpurkarJL18,
  author    = {Pranav Rajpurkar and
               Robin Jia and
               Percy Liang},
  title     = {Know What You Don't Know: Unanswerable Questions for SQuAD},
  journal   = {CoRR},
  volume    = {abs/1806.03822},
  year      = {2018},
  url       = {http://arxiv.org/abs/1806.03822},
  archivePrefix = {arXiv},
  eprint    = {1806.03822},
  timestamp = {Mon, 13 Aug 2018 16:48:21 +0200},
  biburl    = {https://dblp.org/rec/bib/journals/corr/abs-1806-03822},
  bibsource = {dblp computer science bibliography, https://dblp.org}
}

@inproceedings{SanchezMR18,
    title = "Behavior Analysis of {NLI} Models: Uncovering the Influence of Three Factors on Robustness",
    author = "Sanchez, Ivan  and
      Mitchell, Jeff  and
      Riedel, Sebastian",
    booktitle = "Proceedings of the 2018 Conference of the North {A}merican Chapter of the Association for Computational Linguistics: Human Language Technologies, Volume 1 (Long Papers)",
    month = jun,
    year = "2018",
    address = "New Orleans, Louisiana",
    publisher = "Association for Computational Linguistics",
    url = "https://www.aclweb.org/anthology/N18-1179",
    doi = "10.18653/v1/N18-1179",
    pages = "1975--1985",
}

@article{SrivastavaHKSS14,
  author  = {Nitish Srivastava and Geoffrey Hinton and Alex Krizhevsky and Ilya Sutskever and Ruslan Salakhutdinov},
  title   = {Dropout: A Simple Way to Prevent Neural Networks from Overfitting},
  journal = {Journal of Machine Learning Research},
  year    = {2014},
  volume  = {15},
  pages   = {1929-1958},
  url     = {http://jmlr.org/papers/v15/srivastava14a.html}
}

@book{Toulmin58,
	author = {Stephen E. Toulmin},
    title = {The Uses of Argument},
    year = "1958",
    publisher = {Cambridge University Press}
}

@book{Walton05, 
  place={Cambridge}, 
  title={Informal logic: a handbook of critical argumentation}, publisher={Cambridge University Press}, 
  author={Walton, Douglas N.}, year={2005}
}

@article{WilliamsNB17,
  author    = {Adina Williams and
               Nikita Nangia and
               Samuel R. Bowman},
  title     = {A Broad-Coverage Challenge Corpus for Sentence Understanding through
               Inference},
  journal   = {CoRR},
  volume    = {abs/1704.05426},
  year      = {2017},
  url       = {http://arxiv.org/abs/1704.05426},
  archivePrefix = {arXiv},
  eprint    = {1704.05426},
  timestamp = {Wed, 07 Jun 2017 14:41:27 +0200},
  biburl    = {http://dblp.org/rec/bib/journals/corr/WilliamsNB17},
  bibsource = {dblp computer science bibliography, http://dblp.org}
}

@InProceedings{ZhaoLLZY18,
  author = 	"Zhao, Meiqian
		and Liu, Chunhua
		and Liu, Lu
		and Zhao, Yan
		and Yu, Dong",
  title = 	"BLCU{\_}NLP at SemEval-2018 Task 12: An Ensemble Model for Argument Reasoning      Based on Hierarchical Attention    ",
  booktitle = 	"Proceedings of The 12th International Workshop on Semantic Evaluation",
  year = 	"2018",
  publisher = 	"Association for Computational Linguistics",
  pages = 	"1104--1108",
  location = 	"New Orleans, Louisiana",
  doi = 	"10.18653/v1/S18-1186",
  url = 	"http://aclweb.org/anthology/S18-1186"
}
